@ARTICLE{abc,
  AUTHOR =       {rohit},
  TITLE =        {lkldkflkd},
  JOURNAL =      {sf},
  YEAR =         {2012},
  volume =       {6},
  number =       {5},
  pages =        {123-145},
  month =        {oct},
  note =         {ee},
  abstract =     {eee},
  keywords =     {ee},
  source =       {ee},
}
