@ARTICLE{Ex,
  AUTHOR =       {Collin McMillan, Mark Grechanik , Denys Poshyvanyk , Chen Fu and Qing Xie},
  TITLE =        {Exemplar: A Source Code Search Engine  for Finding Highly Relevant Applications},
  JOURNAL =      {IEEE transactions on  software engineering},
  YEAR =         {2012},
  volume =       {38},
  number =       {5},
  pages =        {},
  month =        {sept/oct},
  note =         {},
  abstract =     {},
  keywords =     {},
  source =       {},
}

@ARTICLE{we,
  AUTHOR =       {Mark Grechanik, Kevin M. Conroy, and Katharina A. Probst},
  TITLE =        {Finding Relevant Applications For Prototyping},
  JOURNAL =      {Proc. IEEE 4th  International Workshop on Mining Software Repositories (MSR'07)},
  YEAR =         {2007},
  volume =       {},
  number =       {},
  pages =        {},
  month =        {},
  note =         {},
  abstract =     {},
  keywords =     {},
  source =       {},
}

@ARTICLE{exe,
  AUTHOR =       {Mark Grechanik, Chen Fu, Qing Xie, Collin McMillan, Denys Poshyvanyk,Chad Cumby },
  TITLE =        {EXEcutable exaMPLes Archive},
  JOURNAL =      {ICSE '10, Cape Town, South Africa},
  YEAR =         {2010},
  volume =       {},
  number =       {},
  pages =        {},
  month =        {},
  note =         {},
  abstract =     {},
  keywords =     {},
  source =       {},
}

@ARTICLE{se,
  AUTHOR =       {S.P. Reiss},
  TITLE =        {Semantics-Based Code Search},
  JOURNAL =      {Proc. IEEE 31st Int'l Conf. Software Engg. },
  YEAR =         {2009},
  volume =       {},
  number =       {},
  pages =        {243-253},
  month =        {},
  note =         {},
  abstract =     {},
  keywords =     {},
  source =       {},
}
@ARTICLE{ex,
  AUTHOR =       {J. Brandt, M. Dontcheva, M. Weskamp, and S.R. Klemmer},
  TITLE =        {Example-Centric Programming: Integrating Web Search into
the Development Environment},
  JOURNAL =      {Proc. 28th Int値 Conf. Human
Factors in Computing Systems},
  YEAR =         {2010},
  volume =       {},
  number =       {},
  pages =        {513-522},
  month =        {},
  note =         {},
  abstract =     {},
  keywords =     {},
  source =       {},
}

@ARTICLE{sn,
  AUTHOR =       {S. Chatterjee, S. Juvekar, and K. Sen},
  TITLE =        {SNIFF: A Search Engine for
Java Using Free-Form Queries},
  JOURNAL =      {Proc. Int値 Conf. Fundamental
Approaches to Software Eng.},
  YEAR =         {2009},
  volume =       {},
  number =       {},
  pages =        {385-400},
  month =        {},
  note =         {},
  abstract =     {},
  keywords =     {},
  source =       {},
}


@ARTICLE{th,
  AUTHOR =       {J. Howison and K. Crowston},
  TITLE =        {The Perils and Pitfalls of Mining
Sourceforge},
  JOURNAL =      {Proc. Workshop Mining Software Repositories at the
Int値 Conf. Software Eng},
  YEAR =         {2004},
  volume =       {},
  number =       {},
  pages =        {},
  month =        {},
  note =         {},
  abstract =     {},
  keywords =     {},
  source =       {},
}
@ARTICLE{ra,
  AUTHOR =       {K. Inoue, R. Yokomori, H. Fujiwara, T. Yamamoto, M. Matsushita,
and S. Kusumoto},
  TITLE =        {Component Rank: Relative Significance Rank
for Software Component Search},
  JOURNAL =      {Proc. 25th Int値 Conf. Software
Eng.},
  YEAR =         {2003},
  volume =       {},
  number =       {},
  pages =        {14-24},
  month =        {},
  note =         {},
  abstract =     {},
  keywords =     {},
  source =       {},
}

@ARTICLE{xn,
  AUTHOR =       {N. Sahavechaphan and K.T. Claypool},
  TITLE =        {XSnippet: Mining for
Sample Code},
  JOURNAL =      {Proc. ACM SIGPLAN Int値 Conf. Object-Oriented
Programming Systems},
  YEAR =         {2006},
  volume =       {},
  number =       {},
  pages =        {413-430},
  month =        {},
  note =         {},
  abstract =     {},
  keywords =     {},
  source =       {},
}

@ARTICLE{a,
  AUTHOR =       {M.D. Smucker, J. Allan, and B. Carterette},
  TITLE =        {A Comparison of
Statistical Significance Tests for Information Retrieval Evaluation},
  JOURNAL =      {Proc. 16 ACM Conf. Information and Knowledge Management},
  YEAR =         {2007},
  volume =       {},
  number =       {},
  pages =        {623-632},
  month =        {},
  note =         {},
  abstract =     {},
  keywords =     {},
  source =       {},
}
@ARTICLE{web,
  AUTHOR =       {J. Stylos and B.A. Myers},
  TITLE =        {A Web-Search Tool for Finding API
Components and Examples},
  JOURNAL =      {Proc. IEEE Symp. Visual Languages
and Human Centric Computing},
  YEAR =         {2006},
  volume =       {},
  number =       {},
  pages =        {195-202},
  month =        {},
  note =         {},
  abstract =     {},
  keywords =     {},
  source =       {},
}

@ARTICLE{spot,
  AUTHOR =       {S. Thummalapenta and T. Xie},
  TITLE =        {Spotweb: Detecting Framework
Hotspots and Coldspots via Mining Open Source Code on the
Web},
  JOURNAL =      {Proc. 23rd IEEE/ACM Int値 Conf. Automated Software Eng},
  YEAR =         {2008},
  volume =       {},
  number =       {},
  pages =        {327-336},
  month =        {},
  note =         {},
  abstract =     {},
  keywords =     {},
  source =       {},
}

@ARTICLE{pars,
  AUTHOR =       {S. Thummalapenta and T. Xie},
  TITLE =        {Parseweb: A Programmer
Assistant for Reusing Open Source Code on the Web},
  JOURNAL =      {Proc.
IEEE/ACM 22nd Int値 Conf. Automated Software Eng.},
  YEAR =         {2007},
  volume =       {},
  number =       {},
  pages =        {204-213},
  month =        {},
  note =         {},
  abstract =     {},
  keywords =     {},
  source =       {},
}
